<record><leader>00000cas a2200000   4500</leader><controlfield tag="001">6217284</controlfield><controlfield tag="008">800418c19809999ncuwr ne      0   a0eng d</controlfield><datafield ind1=" " ind2=" " tag="010"><subfield code="a">sn 80009122 </subfield></datafield><datafield ind1=" " ind2=" " tag="040"><subfield code="a">NSD</subfield><subfield code="b">eng</subfield><subfield code="c">NSD</subfield><subfield code="d">OCL</subfield><subfield code="d">OCLCQ</subfield></datafield><datafield ind1=" " ind2=" " tag="012"><subfield code="k">1</subfield><subfield code="m">d</subfield></datafield><datafield ind1="1" ind2=" " tag="022"><subfield code="a">0199-8137</subfield><subfield code="l">0199-8137</subfield><subfield code="2">1</subfield></datafield><datafield ind1=" " ind2=" " tag="032"><subfield code="a">530650</subfield><subfield code="b">USPS</subfield></datafield><datafield ind1=" " ind2=" " tag="037"><subfield code="b">Park Newspapers of Marion, Inc., P.O. Box 610, Marion, N.C. 28752</subfield></datafield><datafield ind1=" " ind2=" " tag="042"><subfield code="a">nsdp</subfield></datafield><datafield ind1=" " ind2="4" tag="222"><subfield code="a">The McDowell express</subfield></datafield><datafield ind1="0" ind2="4" tag="245"><subfield code="a">The McDowell express.</subfield></datafield><datafield ind1="1" ind2="0" tag="246"><subfield code="a">Express</subfield></datafield><datafield ind1=" " ind2=" " tag="260"><subfield code="a">[Marion, N.C.,</subfield><subfield code="b">Park Newspapers of Marion, etc.]</subfield></datafield><datafield ind1=" " ind2=" " tag="310"><subfield code="a">Weekly</subfield><subfield code="b">&lt;, July 22, 1982- &gt;</subfield></datafield><datafield ind1=" " ind2=" " tag="321"><subfield code="a">Semiweekly</subfield><subfield code="b">&lt;, Oct. 5, 1981-&gt;</subfield></datafield><datafield ind1="0" ind2=" " tag="362"><subfield code="a">v. 1-   Mar. 19, 1980-</subfield></datafield><datafield ind1=" " ind2=" " tag="936"><subfield code="a">July 22, 1982</subfield></datafield></record>